
@inproceedings{DebugMN,
	Author = {Einar W. H{\o}st and Bjarte M. {\O}stvold},
	Crossref = {ECOOP09},
	Title = {Debuging Method Names}}

@proceedings{ECOOP09,
	Address = {Genova, Italy},
	Month = {July~6--10},
	Booktitle = {Proceedings of 2009 ECOOP - Object-Oriented Programming},
	Year = {2009}}

@misc{kMeans,
	Author = {Wikipedia},
	Title = {k-means clustering},
	Note = {consulted January 5, 2012, \url{http://en.wikipedia.org/wiki/K-means_clustering}}}

@inproceedings{jls_ident,
	Title = {Java Identifiers},
	Note = {\url{http://java.sun.com/docs/books/jls/third_edition/html/lexical.html#3.8}},
	Crossref = {jls}}

@inproceedings{jls_keyword,
	Title = {Java Keywords},
	Crossref = {jls},
	Note = {\url{http://java.sun.com/docs/books/jls/third_edition/html/lexical.html#3.9}}}

@inproceedings{jls,
	Address = {Santa Clara, California, USA},
	Title = {The Java Language Specification, Third Edition}, 
	Author = {Sun Microsystems},
	Year = {2005}}

@inproceedings{travers,
	Title = {Traversable trait},
	Crossref = {scalaDoc},
	Note = {consulted January 6, 2012, \url{http://www.scala-lang.org/api/current/index.html#scala.collection.Traversable}}}

@inproceedings{anyRef,
	Title = {AnyRef class},
	Crossref = {scalaDoc},
	Note = {consulted January 6, 2012, \url{http://www.scala-lang.org/api/current/index.html#scala.AnyRef}}}

@proceedings{scalaDoc,
	Title = {Scala Standard Library 2.9.1 final},
	Year = {2011},
	Note = {\url{http://www.scala-lang.org/api/current/index.html#package}}} 

@book{wordNet,
	Title = {WordNet, A lexical database for English},
	Address = {Princeton University, New Jersey, USA},
	Note = {\url{http://wordnet.princeton.edu/wordnet/}},
	Year = {2005},
	Month = {March}}

%@inproceedings{Leaute09b,
%	Author = {Thomas L{\'e}aut{\'e} and Brammert Ottens and Radoslaw Szymanek},
%	Crossref = {DCR09},
%	Pages = {160--164},
%	Title = {{FRODO~2.0}: An Open-Source Framework for Distributed Constraint Optimization}}
%
%@proceedings{DCR09,
%	Address = {Pasadena, California, USA},
%	Editor = {Katsutoshi Hirayama and William Yeoh and Roie Zivan},
%	Month = {July~13},
%	Booktitle = {Proceedings of the IJCAI'09 Distributed Constraint Reasoning Workshop (DCR'09)},
%	Year = {2009}}
%
%@inproceedings{Faltings08a,
%	Author = {Boi Faltings and Thomas L{\'e}aut{\'e} and Adrian Petcu},
%	Crossref = {IAT08},
%	Pages = {350--358},
%	Title = {Privacy Guarantees through Distributed Constraint Satisfaction}}
%
%@proceedings{IAT08,
%	Address = {Sydney, Australia},
%	Month = {December~9--12},
%	Booktitle = {Proceedings of the 2008 IEEE/WIC/ACM International Conference on Intelligent Agent Technology (IAT'08)},
%	Year = {2008}}
%
%@misc{spirals, 
%	Title = {Spiral scheme}, 
%	Note = {\url{http://www.proj-mgt.com/PMC_Spiral_Details.htm}}}
%
%@misc{Sestoft05,
%	Author = {Peter Sestoft},
%	Month = {April~13},
%	Note = {\url{http://www.dina.kvl.dk/~sestoft/papers/performance.pdf}}, 
%	Title = {Java performance -- {R}educing time and space consumption},
%	Year = {2005}}
%
%@misc{Yin08,
%	Author = {Zhengyu Yin},
%	Institution = {University of Southern California, Department of Computer Science},
%	Title = {{USC} {DCOP} Repository},
%	Note = {\url {http://teamcore.usc.edu/dcop}},
%	Year = {2008}}
%
%@misc{Sun,
%	Title = {Java 2 {Platform SE 5.0, currentTimeMillis}},
%	Note = {\url{http://java.sun.com/j2se/1.5.0/docs/api/java/lang/System.html#currentTimeMillis()}}}
%
%@inproceedings{Petcu05,
%	Author = {Petcu, Adrian and Faltings, Boi},
%	Crossref = {IJCAI05},
%	Pages = {266--271},
%	Title = {{DPOP: A Scalable Method for Multiagent Constraint Optimization}}}
%
%@proceedings{IJCAI05,
%	Address = {Edinburgh, Scotland},
%	Editor = {Kaelbling, Leslie Pack and Saffiotti, Alessandro},
%	Month = {July~31 -- August~5},
%	Publisher = {Professional Book Center, Denver, USA},
%	Booktitle = {Proceedings of the Nineteenth International Joint Conference on Artificial Intelligence (IJCAI'05)},
%	Year = {2005}}
%
%@inproceedings{Sultanik07a,
%        Author = {Evan A. Sultanik and Robert N. Lass and William C. Regli},
%        Crossref = {CP-DCR07},
%        Title = {{DCOPolis}: A Framework for Simulating and Deploying Distributed Constraint Optimization Algorithms}}
%
%@proceedings{CP-DCR07,
%        Address = {Providence, RI, USA},
%        Editor = {Jonathan P. Pearce},
%        Month = {September~23},
%        Booktitle = {Proceedings of the Ninth International Workshop on Distributed Constraint Reasoning (CP-DCR'07)},
%        Year = {2007}}